<record><leader>00000cas a2200000 a 4500</leader><controlfield tag="001">25115357</controlfield><controlfield tag="008">920115c19719999iluwr ne      0   a0eng c</controlfield><datafield ind1=" " ind2=" " tag="010"><subfield code="a">sn 92054446 </subfield></datafield><datafield ind1=" " ind2=" " tag="040"><subfield code="a">NVF</subfield><subfield code="b">eng</subfield><subfield code="c">NVF</subfield><subfield code="d">NSD</subfield><subfield code="d">OCLCQ</subfield><subfield code="d">NVF</subfield><subfield code="d">OCLCQ</subfield><subfield code="d">NVF</subfield><subfield code="d">OCLCO</subfield><subfield code="d">OCLCF</subfield></datafield><datafield ind1=" " ind2=" " tag="012"><subfield code="m">1</subfield></datafield><datafield ind1="1" ind2=" " tag="022"><subfield code="a">1090-7246</subfield><subfield code="l">1090-7246</subfield><subfield code="2">1</subfield></datafield><datafield ind1="1" ind2=" " tag="029"><subfield code="a">AU@</subfield><subfield code="b">000025901178</subfield></datafield><datafield ind1=" " ind2=" " tag="032"><subfield code="a">229160</subfield><subfield code="b">USPS</subfield></datafield><datafield ind1=" " ind2=" " tag="042"><subfield code="a">pcc</subfield><subfield code="a">nsdp</subfield></datafield><datafield ind1=" " ind2=" " tag="043"><subfield code="a">n-us-il</subfield></datafield><datafield ind1=" " ind2="4" tag="222"><subfield code="a">The Menard County review</subfield></datafield><datafield ind1="0" ind2="4" tag="245"><subfield code="a">The Menard County review.</subfield></datafield><datafield ind1=" " ind2=" " tag="260"><subfield code="a">Greenview, Ill. :</subfield><subfield code="b">Petersburg Observer Co.,</subfield><subfield code="c">1971-</subfield></datafield><datafield ind1=" " ind2=" " tag="300"><subfield code="a">v.</subfield></datafield><datafield ind1=" " ind2=" " tag="310"><subfield code="a">Weekly</subfield></datafield><datafield ind1="0" ind2=" " tag="362"><subfield code="a">Vol. 71, no. 1 (Jan. 1, 1971)-</subfield></datafield><datafield ind1=" " ind2=" " tag="515"><subfield code="a">Continues the numbering of Greenview review.</subfield></datafield><datafield ind1=" " ind2=" " tag="580"><subfield code="a">Formed by the union of: Greenview review and: Athens free press.</subfield></datafield><datafield ind1=" " ind2=" " tag="588"><subfield code="a">Latest issue consulted: Vol. 96, no. 32 (Aug. 9, 1996).</subfield></datafield><datafield ind1=" " ind2="0" tag="651"><subfield code="a">Menard County (Ill.)</subfield><subfield code="v">Newspapers.</subfield></datafield><datafield ind1=" " ind2="7" tag="655"><subfield code="a">Newspapers.</subfield><subfield code="2">fast</subfield><subfield code="0">(OCoLC)fst01423814</subfield></datafield><datafield ind1=" " ind2="7" tag="651"><subfield code="a">Illinois</subfield><subfield code="z">Menard County.</subfield><subfield code="2">fast</subfield><subfield code="0">(OCoLC)fst01215001</subfield></datafield><datafield ind1=" " ind2=" " tag="752"><subfield code="a">United States</subfield><subfield code="b">Illinois</subfield><subfield code="c">Menard</subfield><subfield code="d">Greenview.</subfield></datafield><datafield ind1="1" ind2="4" tag="780"><subfield code="t">Greenview review</subfield><subfield code="w">(DLC)sn 92054443</subfield><subfield code="w">(OCoLC)25114926</subfield></datafield><datafield ind1="1" ind2="4" tag="780"><subfield code="t">Athens free press</subfield><subfield code="w">(DLC)sn 92054442</subfield><subfield code="w">(OCoLC)25114565</subfield></datafield></record>